@misc{1,
	author = {{Luca Aceto} {Anna Ingolfsdottir} {Kim G.Larsen} {Jiri Srba}},
	title = {Reactive Systems: Modelling, Specification and Verification},
	date = {2007}
	}

@misc{2,
	title = {Report Ericsson utilizzo smartphone Android},
	URL = "https://www.ericsson.com/en/mobility-report/reports/june-2021l"
	}

@misc{3,
	title = {Documentazione metodo onCreate()},
	URL = "https://developer.android.com/reference/android/app/Activity#onCreate(android.os.Bundle,\%20android.os.PersistableBundle)"
	}

@misc{4,
	title = {Documentazione metodo createUserWithEmailAndPassword()},
	URL = "https://firebase.google.com/docs/reference/android/com/google/firebase/auth/FirebaseAuth#createUserWithEmailAndPassword(java.lang.String,\%20java.lang.String)"
	}

@misc{5,
	title = {Documentazione metodo signInWithEmailAndPassword()},
	URL = "https://firebase.google.com/docs/reference/android/com/google/firebase/auth/FirebaseAuth#signInWithEmailAndPassword(java.lang.String,\%20java.lang.String)"
	}

@misc{6,
	title = {Shared Preferences},
	URL = "https://developer.android.com/reference/android/content/SharedPreferences"
	}

@misc{7,
	title = {Firebase Realtime Database},
	URL = "https://firebase.google.com/docs/database"
	}

@misc{8,
	title = {Documentazione metodo setValue()},
	URL = "https://firebase.google.com/docs/database/admin/save-data"
	}

@misc{9,
	author = {{Walter Savitch}, {Daniela Micucci}},
	title = {Programmazione di base e avanzata con Java},
	date = {2014}
	}

@misc{10,
	title = {Material Design for Android},
	URL = {https://developer.android.com/guide/topics/ui/look-and-feel}
	}

@misc{11,
	title = {Standard Bottom Sheet},
	URL = "https://material.io/components/sheets-bottom"
	}

@misc{12,
	title = {Regular Floating Action Button},
	URL = "https://material.io/components/buttons-floating-action-button/android#regular-fabs"
	}
